%YAML 1.1
%TAG !u! tag:unity3d.com,2011:
--- !u!29 &1
SceneSettings:
  m_ObjectHideFlags: 0
  m_PVSData: 
  m_PVSObjectsArray: []
  m_PVSPortalsArray: []
  m_OcclusionBakeSettings:
    smallestOccluder: 5
    smallestHole: 0.25
    backfaceThreshold: 100
--- !u!104 &2
RenderSettings:
  m_ObjectHideFlags: 0
  serializedVersion: 6
  m_Fog: 0
  m_FogColor: {r: 0.5, g: 0.5, b: 0.5, a: 1}
  m_FogMode: 3
  m_FogDensity: 0.01
  m_LinearFogStart: 0
  m_LinearFogEnd: 300
  m_AmbientSkyColor: {r: 0.212, g: 0.227, b: 0.259, a: 1}
  m_AmbientEquatorColor: {r: 0.114, g: 0.125, b: 0.133, a: 1}
  m_AmbientGroundColor: {r: 0.047, g: 0.043, b: 0.035, a: 1}
  m_AmbientIntensity: 1
  m_AmbientMode: 0
  m_SkyboxMaterial: {fileID: 10304, guid: 0000000000000000f000000000000000, type: 0}
  m_HaloStrength: 0.5
  m_FlareStrength: 1
  m_FlareFadeSpeed: 3
  m_HaloTexture: {fileID: 0}
  m_SpotCookie: {fileID: 10001, guid: 0000000000000000e000000000000000, type: 0}
  m_DefaultReflectionMode: 0
  m_DefaultReflectionResolution: 128
  m_ReflectionBounces: 1
  m_ReflectionIntensity: 1
  m_CustomReflection: {fileID: 0}
  m_Sun: {fileID: 0}
--- !u!157 &3
LightmapSettings:
  m_ObjectHideFlags: 0
  serializedVersion: 6
  m_GIWorkflowMode: 0
  m_LightmapsMode: 1
  m_GISettings:
    serializedVersion: 2
    m_BounceScale: 1
    m_IndirectOutputScale: 1
    m_AlbedoBoost: 1
    m_TemporalCoherenceThreshold: 1
    m_EnvironmentLightingMode: 0
    m_EnableBakedLightmaps: 1
    m_EnableRealtimeLightmaps: 1
  m_LightmapEditorSettings:
    serializedVersion: 3
    m_Resolution: 2
    m_BakeResolution: 40
    m_TextureWidth: 1024
    m_TextureHeight: 1024
    m_AOMaxDistance: 1
    m_Padding: 2
    m_CompAOExponent: 0
    m_LightmapParameters: {fileID: 0}
    m_TextureCompression: 1
    m_FinalGather: 0
    m_FinalGatherRayCount: 1024
    m_ReflectionCompression: 2
  m_LightingDataAsset: {fileID: 0}
  m_RuntimeCPUUsage: 25
--- !u!196 &4
NavMeshSettings:
  serializedVersion: 2
  m_ObjectHideFlags: 0
  m_BuildSettings:
    serializedVersion: 2
    agentRadius: 0.5
    agentHeight: 2
    agentSlope: 45
    agentClimb: 0.4
    ledgeDropHeight: 0
    maxJumpAcrossDistance: 0
    accuratePlacement: 0
    minRegionArea: 2
    cellSize: 0.16666667
    manualCellSize: 0
  m_NavMeshData: {fileID: 0}
--- !u!1001 &30673669
Prefab:
  m_ObjectHideFlags: 0
  serializedVersion: 2
  m_Modification:
    m_TransformParent: {fileID: 614293742}
    m_Modifications:
    - target: {fileID: 432410, guid: a8c46870815a2418eb7e0aeaf95702e5, type: 2}
      propertyPath: m_LocalPosition.x
      value: 72
      objectReference: {fileID: 0}
    - target: {fileID: 432410, guid: a8c46870815a2418eb7e0aeaf95702e5, type: 2}
      propertyPath: m_LocalPosition.y
      value: 63
      objectReference: {fileID: 0}
    - target: {fileID: 432410, guid: a8c46870815a2418eb7e0aeaf95702e5, type: 2}
      propertyPath: m_LocalPosition.z
      value: -320
      objectReference: {fileID: 0}
    - target: {fileID: 432410, guid: a8c46870815a2418eb7e0aeaf95702e5, type: 2}
      propertyPath: m_LocalRotation.x
      value: 0
      objectReference: {fileID: 0}
    - target: {fileID: 432410, guid: a8c46870815a2418eb7e0aeaf95702e5, type: 2}
      propertyPath: m_LocalRotation.y
      value: 0
      objectReference: {fileID: 0}
    - target: {fileID: 432410, guid: a8c46870815a2418eb7e0aeaf95702e5, type: 2}
      propertyPath: m_LocalRotation.z
      value: 0
      objectReference: {fileID: 0}
    - target: {fileID: 432410, guid: a8c46870815a2418eb7e0aeaf95702e5, type: 2}
      propertyPath: m_LocalRotation.w
      value: 1
      objectReference: {fileID: 0}
    - target: {fileID: 432410, guid: a8c46870815a2418eb7e0aeaf95702e5, type: 2}
      propertyPath: m_RootOrder
      value: 1
      objectReference: {fileID: 0}
    - target: {fileID: 197524, guid: a8c46870815a2418eb7e0aeaf95702e5, type: 2}
      propertyPath: m_Name
      value: Sheep house o
      objectReference: {fileID: 0}
    m_RemovedComponents: []
  m_ParentPrefab: {fileID: 100100000, guid: a8c46870815a2418eb7e0aeaf95702e5, type: 2}
  m_IsPrefabParent: 0
--- !u!4 &30673670 stripped
Transform:
  m_PrefabParentObject: {fileID: 432410, guid: a8c46870815a2418eb7e0aeaf95702e5, type: 2}
  m_PrefabInternal: {fileID: 30673669}
--- !u!1001 &53021929
Prefab:
  m_ObjectHideFlags: 0
  serializedVersion: 2
  m_Modification:
    m_TransformParent: {fileID: 87084910}
    m_Modifications:
    - target: {fileID: 432410, guid: a8c46870815a2418eb7e0aeaf95702e5, type: 2}
      propertyPath: m_LocalPosition.x
      value: -42
      objectReference: {fileID: 0}
    - target: {fileID: 432410, guid: a8c46870815a2418eb7e0aeaf95702e5, type: 2}
      propertyPath: m_LocalPosition.y
      value: 0
      objectReference: {fileID: 0}
    - target: {fileID: 432410, guid: a8c46870815a2418eb7e0aeaf95702e5, type: 2}
      propertyPath: m_LocalPosition.z
      value: -400
      objectReference: {fileID: 0}
    - target: {fileID: 432410, guid: a8c46870815a2418eb7e0aeaf95702e5, type: 2}
      propertyPath: m_LocalRotation.x
      value: 0
      objectReference: {fileID: 0}
    - target: {fileID: 432410, guid: a8c46870815a2418eb7e0aeaf95702e5, type: 2}
      propertyPath: m_LocalRotation.y
      value: 0
      objectReference: {fileID: 0}
    - target: {fileID: 432410, guid: a8c46870815a2418eb7e0aeaf95702e5, type: 2}
      propertyPath: m_LocalRotation.z
      value: 0
      objectReference: {fileID: 0}
    - target: {fileID: 432410, guid: a8c46870815a2418eb7e0aeaf95702e5, type: 2}
      propertyPath: m_LocalRotation.w
      value: 1
      objectReference: {fileID: 0}
    - target: {fileID: 432410, guid: a8c46870815a2418eb7e0aeaf95702e5, type: 2}
      propertyPath: m_RootOrder
      value: 7
      objectReference: {fileID: 0}
    - target: {fileID: 197524, guid: a8c46870815a2418eb7e0aeaf95702e5, type: 2}
      propertyPath: m_Name
      value: Nuovo continente n
      objectReference: {fileID: 0}
    - target: {fileID: 11414402, guid: a8c46870815a2418eb7e0aeaf95702e5, type: 2}
      propertyPath: isNether
      value: 1
      objectReference: {fileID: 0}
    m_RemovedComponents: []
  m_ParentPrefab: {fileID: 100100000, guid: a8c46870815a2418eb7e0aeaf95702e5, type: 2}
  m_IsPrefabParent: 0
--- !u!4 &53021930 stripped
Transform:
  m_PrefabParentObject: {fileID: 432410, guid: a8c46870815a2418eb7e0aeaf95702e5, type: 2}
  m_PrefabInternal: {fileID: 53021929}
--- !u!1001 &54471306
Prefab:
  m_ObjectHideFlags: 0
  serializedVersion: 2
  m_Modification:
    m_TransformParent: {fileID: 87084910}
    m_Modifications:
    - target: {fileID: 432410, guid: a8c46870815a2418eb7e0aeaf95702e5, type: 2}
      propertyPath: m_LocalPosition.x
      value: 59
      objectReference: {fileID: 0}
    - target: {fileID: 432410, guid: a8c46870815a2418eb7e0aeaf95702e5, type: 2}
      propertyPath: m_LocalPosition.y
      value: 63
      objectReference: {fileID: 0}
    - target: {fileID: 432410, guid: a8c46870815a2418eb7e0aeaf95702e5, type: 2}
      propertyPath: m_LocalPosition.z
      value: -66
      objectReference: {fileID: 0}
    - target: {fileID: 432410, guid: a8c46870815a2418eb7e0aeaf95702e5, type: 2}
      propertyPath: m_LocalRotation.x
      value: 0
      objectReference: {fileID: 0}
    - target: {fileID: 432410, guid: a8c46870815a2418eb7e0aeaf95702e5, type: 2}
      propertyPath: m_LocalRotation.y
      value: 0
      objectReference: {fileID: 0}
    - target: {fileID: 432410, guid: a8c46870815a2418eb7e0aeaf95702e5, type: 2}
      propertyPath: m_LocalRotation.z
      value: 0
      objectReference: {fileID: 0}
    - target: {fileID: 432410, guid: a8c46870815a2418eb7e0aeaf95702e5, type: 2}
      propertyPath: m_LocalRotation.w
      value: 1
      objectReference: {fileID: 0}
    - target: {fileID: 432410, guid: a8c46870815a2418eb7e0aeaf95702e5, type: 2}
      propertyPath: m_RootOrder
      value: 5
      objectReference: {fileID: 0}
    - target: {fileID: 197524, guid: a8c46870815a2418eb7e0aeaf95702e5, type: 2}
      propertyPath: m_Name
      value: Bovinia n
      objectReference: {fileID: 0}
    - target: {fileID: 11414402, guid: a8c46870815a2418eb7e0aeaf95702e5, type: 2}
      propertyPath: isNether
      value: 1
      objectReference: {fileID: 0}
    - target: {fileID: 11414402, guid: a8c46870815a2418eb7e0aeaf95702e5, type: 2}
      propertyPath: doCheck
      value: 1
      objectReference: {fileID: 0}
    m_RemovedComponents: []
  m_ParentPrefab: {fileID: 100100000, guid: a8c46870815a2418eb7e0aeaf95702e5, type: 2}
  m_IsPrefabParent: 0
--- !u!4 &54471307 stripped
Transform:
  m_PrefabParentObject: {fileID: 432410, guid: a8c46870815a2418eb7e0aeaf95702e5, type: 2}
  m_PrefabInternal: {fileID: 54471306}
--- !u!114 &54471308 stripped
MonoBehaviour:
  m_PrefabParentObject: {fileID: 11414402, guid: a8c46870815a2418eb7e0aeaf95702e5,
    type: 2}
  m_PrefabInternal: {fileID: 54471306}
  m_Script: {fileID: 11500000, guid: 7ea9beeed96624e728e8621aaa840552, type: 3}
--- !u!1 &87084909
GameObject:
  m_ObjectHideFlags: 0
  m_PrefabParentObject: {fileID: 0}
  m_PrefabInternal: {fileID: 0}
  serializedVersion: 4
  m_Component:
  - 4: {fileID: 87084910}
  - 114: {fileID: 87084911}
  m_Layer: 0
  m_Name: Nether
  m_TagString: Untagged
  m_Icon: {fileID: 0}
  m_NavMeshLayer: 0
  m_StaticEditorFlags: 0
  m_IsActive: 1
--- !u!4 &87084910
Transform:
  m_ObjectHideFlags: 0
  m_PrefabParentObject: {fileID: 0}
  m_PrefabInternal: {fileID: 0}
  m_GameObject: {fileID: 87084909}
  m_LocalRotation: {x: 0, y: 0, z: 0, w: 1}
  m_LocalPosition: {x: 0, y: 0, z: 0}
  m_LocalScale: {x: 1, y: 1, z: 1}
  m_Children:
  - {fileID: 1285707264}
  - {fileID: 1652054921}
  - {fileID: 409557366}
  - {fileID: 1407998374}
  - {fileID: 449222239}
  - {fileID: 54471307}
  - {fileID: 1533553330}
  - {fileID: 53021930}
  m_Father: {fileID: 0}
  m_RootOrder: 3
--- !u!114 &87084911
MonoBehaviour:
  m_ObjectHideFlags: 0
  m_PrefabParentObject: {fileID: 0}
  m_PrefabInternal: {fileID: 0}
  m_GameObject: {fileID: 87084909}
  m_Enabled: 1
  m_EditorHideFlags: 0
  m_Script: {fileID: 11500000, guid: 94e780f7208c54f35a490771c7de15a8, type: 3}
  m_Name: 
  m_EditorClassIdentifier: 
--- !u!1001 &256309990
Prefab:
  m_ObjectHideFlags: 0
  serializedVersion: 2
  m_Modification:
    m_TransformParent: {fileID: 614293742}
    m_Modifications:
    - target: {fileID: 432410, guid: a8c46870815a2418eb7e0aeaf95702e5, type: 2}
      propertyPath: m_LocalPosition.x
      value: 79
      objectReference: {fileID: 0}
    - target: {fileID: 432410, guid: a8c46870815a2418eb7e0aeaf95702e5, type: 2}
      propertyPath: m_LocalPosition.y
      value: 63
      objectReference: {fileID: 0}
    - target: {fileID: 432410, guid: a8c46870815a2418eb7e0aeaf95702e5, type: 2}
      propertyPath: m_LocalPosition.z
      value: -652
      objectReference: {fileID: 0}
    - target: {fileID: 432410, guid: a8c46870815a2418eb7e0aeaf95702e5, type: 2}
      propertyPath: m_LocalRotation.x
      value: 0
      objectReference: {fileID: 0}
    - target: {fileID: 432410, guid: a8c46870815a2418eb7e0aeaf95702e5, type: 2}
      propertyPath: m_LocalRotation.y
      value: 0
      objectReference: {fileID: 0}
    - target: {fileID: 432410, guid: a8c46870815a2418eb7e0aeaf95702e5, type: 2}
      propertyPath: m_LocalRotation.z
      value: 0
      objectReference: {fileID: 0}
    - target: {fileID: 432410, guid: a8c46870815a2418eb7e0aeaf95702e5, type: 2}
      propertyPath: m_LocalRotation.w
      value: 1
      objectReference: {fileID: 0}
    - target: {fileID: 432410, guid: a8c46870815a2418eb7e0aeaf95702e5, type: 2}
      propertyPath: m_RootOrder
      value: 4
      objectReference: {fileID: 0}
    - target: {fileID: 197524, guid: a8c46870815a2418eb7e0aeaf95702e5, type: 2}
      propertyPath: m_Name
      value: Promontorio sabbioso o
      objectReference: {fileID: 0}
    m_RemovedComponents: []
  m_ParentPrefab: {fileID: 100100000, guid: a8c46870815a2418eb7e0aeaf95702e5, type: 2}
  m_IsPrefabParent: 0
--- !u!4 &256309991 stripped
Transform:
  m_PrefabParentObject: {fileID: 432410, guid: a8c46870815a2418eb7e0aeaf95702e5, type: 2}
  m_PrefabInternal: {fileID: 256309990}
--- !u!114 &256309992 stripped
MonoBehaviour:
  m_PrefabParentObject: {fileID: 11414402, guid: a8c46870815a2418eb7e0aeaf95702e5,
    type: 2}
  m_PrefabInternal: {fileID: 256309990}
  m_Script: {fileID: 11500000, guid: 7ea9beeed96624e728e8621aaa840552, type: 3}
--- !u!1001 &409557365
Prefab:
  m_ObjectHideFlags: 0
  serializedVersion: 2
  m_Modification:
    m_TransformParent: {fileID: 87084910}
    m_Modifications:
    - target: {fileID: 432410, guid: a8c46870815a2418eb7e0aeaf95702e5, type: 2}
      propertyPath: m_LocalPosition.x
      value: 144
      objectReference: {fileID: 0}
    - target: {fileID: 432410, guid: a8c46870815a2418eb7e0aeaf95702e5, type: 2}
      propertyPath: m_LocalPosition.y
      value: 61
      objectReference: {fileID: 0}
    - target: {fileID: 432410, guid: a8c46870815a2418eb7e0aeaf95702e5, type: 2}
      propertyPath: m_LocalPosition.z
      value: 1
      objectReference: {fileID: 0}
    - target: {fileID: 432410, guid: a8c46870815a2418eb7e0aeaf95702e5, type: 2}
      propertyPath: m_LocalRotation.x
      value: 0
      objectReference: {fileID: 0}
    - target: {fileID: 432410, guid: a8c46870815a2418eb7e0aeaf95702e5, type: 2}
      propertyPath: m_LocalRotation.y
      value: 0
      objectReference: {fileID: 0}
    - target: {fileID: 432410, guid: a8c46870815a2418eb7e0aeaf95702e5, type: 2}
      propertyPath: m_LocalRotation.z
      value: 0
      objectReference: {fileID: 0}
    - target: {fileID: 432410, guid: a8c46870815a2418eb7e0aeaf95702e5, type: 2}
      propertyPath: m_LocalRotation.w
      value: 1
      objectReference: {fileID: 0}
    - target: {fileID: 432410, guid: a8c46870815a2418eb7e0aeaf95702e5, type: 2}
      propertyPath: m_RootOrder
      value: 2
      objectReference: {fileID: 0}
    - target: {fileID: 197524, guid: a8c46870815a2418eb7e0aeaf95702e5, type: 2}
      propertyPath: m_Name
      value: Chicken house n
      objectReference: {fileID: 0}
    - target: {fileID: 11414402, guid: a8c46870815a2418eb7e0aeaf95702e5, type: 2}
      propertyPath: isNether
      value: 1
      objectReference: {fileID: 0}
    m_RemovedComponents: []
  m_ParentPrefab: {fileID: 100100000, guid: a8c46870815a2418eb7e0aeaf95702e5, type: 2}
  m_IsPrefabParent: 0
--- !u!4 &409557366 stripped
Transform:
  m_PrefabParentObject: {fileID: 432410, guid: a8c46870815a2418eb7e0aeaf95702e5, type: 2}
  m_PrefabInternal: {fileID: 409557365}
--- !u!1001 &449222238
Prefab:
  m_ObjectHideFlags: 0
  serializedVersion: 2
  m_Modification:
    m_TransformParent: {fileID: 87084910}
    m_Modifications:
    - target: {fileID: 432410, guid: a8c46870815a2418eb7e0aeaf95702e5, type: 2}
      propertyPath: m_LocalPosition.x
      value: 7
      objectReference: {fileID: 0}
    - target: {fileID: 432410, guid: a8c46870815a2418eb7e0aeaf95702e5, type: 2}
      propertyPath: m_LocalPosition.y
      value: 70
      objectReference: {fileID: 0}
    - target: {fileID: 432410, guid: a8c46870815a2418eb7e0aeaf95702e5, type: 2}
      propertyPath: m_LocalPosition.z
      value: -75
      objectReference: {fileID: 0}
    - target: {fileID: 432410, guid: a8c46870815a2418eb7e0aeaf95702e5, type: 2}
      propertyPath: m_LocalRotation.x
      value: 0
      objectReference: {fileID: 0}
    - target: {fileID: 432410, guid: a8c46870815a2418eb7e0aeaf95702e5, type: 2}
      propertyPath: m_LocalRotation.y
      value: 0
      objectReference: {fileID: 0}
    - target: {fileID: 432410, guid: a8c46870815a2418eb7e0aeaf95702e5, type: 2}
      propertyPath: m_LocalRotation.z
      value: 0
      objectReference: {fileID: 0}
    - target: {fileID: 432410, guid: a8c46870815a2418eb7e0aeaf95702e5, type: 2}
      propertyPath: m_LocalRotation.w
      value: 1
      objectReference: {fileID: 0}
    - target: {fileID: 432410, guid: a8c46870815a2418eb7e0aeaf95702e5, type: 2}
      propertyPath: m_RootOrder
      value: 4
      objectReference: {fileID: 0}
    - target: {fileID: 197524, guid: a8c46870815a2418eb7e0aeaf95702e5, type: 2}
      propertyPath: m_Name
      value: Promontorio sabbioso n
      objectReference: {fileID: 0}
    - target: {fileID: 11414402, guid: a8c46870815a2418eb7e0aeaf95702e5, type: 2}
      propertyPath: isNether
      value: 1
      objectReference: {fileID: 0}
    m_RemovedComponents: []
  m_ParentPrefab: {fileID: 100100000, guid: a8c46870815a2418eb7e0aeaf95702e5, type: 2}
  m_IsPrefabParent: 0
--- !u!4 &449222239 stripped
Transform:
  m_PrefabParentObject: {fileID: 432410, guid: a8c46870815a2418eb7e0aeaf95702e5, type: 2}
  m_PrefabInternal: {fileID: 449222238}
--- !u!114 &449222240 stripped
MonoBehaviour:
  m_PrefabParentObject: {fileID: 11414402, guid: a8c46870815a2418eb7e0aeaf95702e5,
    type: 2}
  m_PrefabInternal: {fileID: 449222238}
  m_Script: {fileID: 11500000, guid: 7ea9beeed96624e728e8621aaa840552, type: 3}
--- !u!1 &614293741
GameObject:
  m_ObjectHideFlags: 0
  m_PrefabParentObject: {fileID: 0}
  m_PrefabInternal: {fileID: 0}
  serializedVersion: 4
  m_Component:
  - 4: {fileID: 614293742}
  - 114: {fileID: 614293743}
  m_Layer: 0
  m_Name: Overworld
  m_TagString: Untagged
  m_Icon: {fileID: 0}
  m_NavMeshLayer: 0
  m_StaticEditorFlags: 0
  m_IsActive: 1
--- !u!4 &614293742
Transform:
  m_ObjectHideFlags: 0
  m_PrefabParentObject: {fileID: 0}
  m_PrefabInternal: {fileID: 0}
  m_GameObject: {fileID: 614293741}
  m_LocalRotation: {x: 0, y: 0, z: 0, w: 1}
  m_LocalPosition: {x: 0, y: 0, z: 0}
  m_LocalScale: {x: 1, y: 1, z: 1}
  m_Children:
  - {fileID: 972898324}
  - {fileID: 30673670}
  - {fileID: 1009742390}
  - {fileID: 1360350045}
  - {fileID: 256309991}
  - {fileID: 801263758}
  - {fileID: 2045457057}
  - {fileID: 2108820672}
  m_Father: {fileID: 0}
  m_RootOrder: 2
--- !u!114 &614293743
MonoBehaviour:
  m_ObjectHideFlags: 0
  m_PrefabParentObject: {fileID: 0}
  m_PrefabInternal: {fileID: 0}
  m_GameObject: {fileID: 614293741}
  m_Enabled: 1
  m_EditorHideFlags: 0
  m_Script: {fileID: 11500000, guid: 35698443ce57e4d7eb7152ac7bdd815c, type: 3}
  m_Name: 
  m_EditorClassIdentifier: 
--- !u!1001 &801263757
Prefab:
  m_ObjectHideFlags: 0
  serializedVersion: 2
  m_Modification:
    m_TransformParent: {fileID: 614293742}
    m_Modifications:
    - target: {fileID: 432410, guid: a8c46870815a2418eb7e0aeaf95702e5, type: 2}
      propertyPath: m_LocalPosition.x
      value: 468
      objectReference: {fileID: 0}
    - target: {fileID: 432410, guid: a8c46870815a2418eb7e0aeaf95702e5, type: 2}
      propertyPath: m_LocalPosition.y
      value: 64
      objectReference: {fileID: 0}
    - target: {fileID: 432410, guid: a8c46870815a2418eb7e0aeaf95702e5, type: 2}
      propertyPath: m_LocalPosition.z
      value: -525
      objectReference: {fileID: 0}
    - target: {fileID: 432410, guid: a8c46870815a2418eb7e0aeaf95702e5, type: 2}
      propertyPath: m_LocalRotation.x
      value: 0
      objectReference: {fileID: 0}
    - target: {fileID: 432410, guid: a8c46870815a2418eb7e0aeaf95702e5, type: 2}
      propertyPath: m_LocalRotation.y
      value: 0
      objectReference: {fileID: 0}
    - target: {fileID: 432410, guid: a8c46870815a2418eb7e0aeaf95702e5, type: 2}
      propertyPath: m_LocalRotation.z
      value: 0
      objectReference: {fileID: 0}
    - target: {fileID: 432410, guid: a8c46870815a2418eb7e0aeaf95702e5, type: 2}
      propertyPath: m_LocalRotation.w
      value: 1
      objectReference: {fileID: 0}
    - target: {fileID: 432410, guid: a8c46870815a2418eb7e0aeaf95702e5, type: 2}
      propertyPath: m_RootOrder
      value: 5
      objectReference: {fileID: 0}
    - target: {fileID: 197524, guid: a8c46870815a2418eb7e0aeaf95702e5, type: 2}
      propertyPath: m_Name
      value: Bovinia o
      objectReference: {fileID: 0}
    - target: {fileID: 11414402, guid: a8c46870815a2418eb7e0aeaf95702e5, type: 2}
      propertyPath: doCheck
      value: 1
      objectReference: {fileID: 0}
    m_RemovedComponents: []
  m_ParentPrefab: {fileID: 100100000, guid: a8c46870815a2418eb7e0aeaf95702e5, type: 2}
  m_IsPrefabParent: 0
--- !u!4 &801263758 stripped
Transform:
  m_PrefabParentObject: {fileID: 432410, guid: a8c46870815a2418eb7e0aeaf95702e5, type: 2}
  m_PrefabInternal: {fileID: 801263757}
--- !u!114 &801263759 stripped
MonoBehaviour:
  m_PrefabParentObject: {fileID: 11414402, guid: a8c46870815a2418eb7e0aeaf95702e5,
    type: 2}
  m_PrefabInternal: {fileID: 801263757}
  m_Script: {fileID: 11500000, guid: 7ea9beeed96624e728e8621aaa840552, type: 3}
--- !u!1001 &972898323
Prefab:
  m_ObjectHideFlags: 0
  serializedVersion: 2
  m_Modification:
    m_TransformParent: {fileID: 614293742}
    m_Modifications:
    - target: {fileID: 432410, guid: a8c46870815a2418eb7e0aeaf95702e5, type: 2}
      propertyPath: m_LocalPosition.x
      value: -10
      objectReference: {fileID: 0}
    - target: {fileID: 432410, guid: a8c46870815a2418eb7e0aeaf95702e5, type: 2}
      propertyPath: m_LocalPosition.y
      value: 64
      objectReference: {fileID: 0}
    - target: {fileID: 432410, guid: a8c46870815a2418eb7e0aeaf95702e5, type: 2}
      propertyPath: m_LocalPosition.z
      value: -15
      objectReference: {fileID: 0}
    - target: {fileID: 432410, guid: a8c46870815a2418eb7e0aeaf95702e5, type: 2}
      propertyPath: m_LocalRotation.x
      value: 0
      objectReference: {fileID: 0}
    - target: {fileID: 432410, guid: a8c46870815a2418eb7e0aeaf95702e5, type: 2}
      propertyPath: m_LocalRotation.y
      value: 0
      objectReference: {fileID: 0}
    - target: {fileID: 432410, guid: a8c46870815a2418eb7e0aeaf95702e5, type: 2}
      propertyPath: m_LocalRotation.z
      value: 0
      objectReference: {fileID: 0}
    - target: {fileID: 432410, guid: a8c46870815a2418eb7e0aeaf95702e5, type: 2}
      propertyPath: m_LocalRotation.w
      value: 1
      objectReference: {fileID: 0}
    - target: {fileID: 432410, guid: a8c46870815a2418eb7e0aeaf95702e5, type: 2}
      propertyPath: m_RootOrder
      value: 0
      objectReference: {fileID: 0}
    - target: {fileID: 197524, guid: a8c46870815a2418eb7e0aeaf95702e5, type: 2}
      propertyPath: m_Name
      value: Compound o
      objectReference: {fileID: 0}
    m_RemovedComponents: []
  m_ParentPrefab: {fileID: 100100000, guid: a8c46870815a2418eb7e0aeaf95702e5, type: 2}
  m_IsPrefabParent: 0
--- !u!4 &972898324 stripped
Transform:
  m_PrefabParentObject: {fileID: 432410, guid: a8c46870815a2418eb7e0aeaf95702e5, type: 2}
  m_PrefabInternal: {fileID: 972898323}
--- !u!1001 &1009742389
Prefab:
  m_ObjectHideFlags: 0
  serializedVersion: 2
  m_Modification:
    m_TransformParent: {fileID: 614293742}
    m_Modifications:
    - target: {fileID: 432410, guid: a8c46870815a2418eb7e0aeaf95702e5, type: 2}
      propertyPath: m_LocalPosition.x
      value: 1152
      objectReference: {fileID: 0}
    - target: {fileID: 432410, guid: a8c46870815a2418eb7e0aeaf95702e5, type: 2}
      propertyPath: m_LocalPosition.y
      value: 62
      objectReference: {fileID: 0}
    - target: {fileID: 432410, guid: a8c46870815a2418eb7e0aeaf95702e5, type: 2}
      propertyPath: m_LocalPosition.z
      value: 6
      objectReference: {fileID: 0}
    - target: {fileID: 432410, guid: a8c46870815a2418eb7e0aeaf95702e5, type: 2}
      propertyPath: m_LocalRotation.x
      value: 0
      objectReference: {fileID: 0}
    - target: {fileID: 432410, guid: a8c46870815a2418eb7e0aeaf95702e5, type: 2}
      propertyPath: m_LocalRotation.y
      value: 0
      objectReference: {fileID: 0}
    - target: {fileID: 432410, guid: a8c46870815a2418eb7e0aeaf95702e5, type: 2}
      propertyPath: m_LocalRotation.z
      value: 0
      objectReference: {fileID: 0}
    - target: {fileID: 432410, guid: a8c46870815a2418eb7e0aeaf95702e5, type: 2}
      propertyPath: m_LocalRotation.w
      value: 1
      objectReference: {fileID: 0}
    - target: {fileID: 432410, guid: a8c46870815a2418eb7e0aeaf95702e5, type: 2}
      propertyPath: m_RootOrder
      value: 2
      objectReference: {fileID: 0}
    - target: {fileID: 197524, guid: a8c46870815a2418eb7e0aeaf95702e5, type: 2}
      propertyPath: m_Name
      value: Chicken house o
      objectReference: {fileID: 0}
    m_RemovedComponents: []
  m_ParentPrefab: {fileID: 100100000, guid: a8c46870815a2418eb7e0aeaf95702e5, type: 2}
  m_IsPrefabParent: 0
--- !u!4 &1009742390 stripped
Transform:
  m_PrefabParentObject: {fileID: 432410, guid: a8c46870815a2418eb7e0aeaf95702e5, type: 2}
  m_PrefabInternal: {fileID: 1009742389}
--- !u!1 &1120510939
GameObject:
  m_ObjectHideFlags: 0
  m_PrefabParentObject: {fileID: 0}
  m_PrefabInternal: {fileID: 0}
  serializedVersion: 4
  m_Component:
  - 4: {fileID: 1120510943}
  - 33: {fileID: 1120510942}
  - 64: {fileID: 1120510941}
  - 23: {fileID: 1120510940}
  m_Layer: 0
  m_Name: Plane
  m_TagString: Untagged
  m_Icon: {fileID: 0}
  m_NavMeshLayer: 0
  m_StaticEditorFlags: 0
  m_IsActive: 1
--- !u!23 &1120510940
MeshRenderer:
  m_ObjectHideFlags: 0
  m_PrefabParentObject: {fileID: 0}
  m_PrefabInternal: {fileID: 0}
  m_GameObject: {fileID: 1120510939}
  m_Enabled: 1
  m_CastShadows: 1
  m_ReceiveShadows: 1
  m_Materials:
  - {fileID: 2100000, guid: 272c827f944504bad8280e36bbdcb21b, type: 2}
  m_SubsetIndices: 
  m_StaticBatchRoot: {fileID: 0}
  m_UseLightProbes: 1
  m_ReflectionProbeUsage: 1
  m_ProbeAnchor: {fileID: 0}
  m_ScaleInLightmap: 1
  m_PreserveUVs: 1
  m_IgnoreNormalsForChartDetection: 0
  m_ImportantGI: 0
  m_MinimumChartSize: 4
  m_AutoUVMaxDistance: 0.5
  m_AutoUVMaxAngle: 89
  m_LightmapParameters: {fileID: 0}
  m_SortingLayerID: 0
  m_SortingOrder: 0
--- !u!64 &1120510941
MeshCollider:
  m_ObjectHideFlags: 0
  m_PrefabParentObject: {fileID: 0}
  m_PrefabInternal: {fileID: 0}
  m_GameObject: {fileID: 1120510939}
  m_Material: {fileID: 0}
  m_IsTrigger: 0
  m_Enabled: 1
  serializedVersion: 2
  m_Convex: 0
  m_Mesh: {fileID: 10209, guid: 0000000000000000e000000000000000, type: 0}
--- !u!33 &1120510942
MeshFilter:
  m_ObjectHideFlags: 0
  m_PrefabParentObject: {fileID: 0}
  m_PrefabInternal: {fileID: 0}
  m_GameObject: {fileID: 1120510939}
  m_Mesh: {fileID: 10209, guid: 0000000000000000e000000000000000, type: 0}
--- !u!4 &1120510943
Transform:
  m_ObjectHideFlags: 0
  m_PrefabParentObject: {fileID: 0}
  m_PrefabInternal: {fileID: 0}
  m_GameObject: {fileID: 1120510939}
  m_LocalRotation: {x: 0, y: 0, z: 0, w: 1}
  m_LocalPosition: {x: 0, y: -170, z: 0}
  m_LocalScale: {x: 2048, y: 1, z: 2048}
  m_Children: []
  m_Father: {fileID: 0}
  m_RootOrder: 4
--- !u!1001 &1285707263
Prefab:
  m_ObjectHideFlags: 0
  serializedVersion: 2
  m_Modification:
    m_TransformParent: {fileID: 87084910}
    m_Modifications:
    - target: {fileID: 432410, guid: a8c46870815a2418eb7e0aeaf95702e5, type: 2}
      propertyPath: m_LocalPosition.x
      value: -1
      objectReference: {fileID: 0}
    - target: {fileID: 432410, guid: a8c46870815a2418eb7e0aeaf95702e5, type: 2}
      propertyPath: m_LocalPosition.y
      value: 67
      objectReference: {fileID: 0}
    - target: {fileID: 432410, guid: a8c46870815a2418eb7e0aeaf95702e5, type: 2}
      propertyPath: m_LocalPosition.z
      value: -1
      objectReference: {fileID: 0}
    - target: {fileID: 432410, guid: a8c46870815a2418eb7e0aeaf95702e5, type: 2}
      propertyPath: m_LocalRotation.x
      value: 0
      objectReference: {fileID: 0}
    - target: {fileID: 432410, guid: a8c46870815a2418eb7e0aeaf95702e5, type: 2}
      propertyPath: m_LocalRotation.y
      value: 0
      objectReference: {fileID: 0}
    - target: {fileID: 432410, guid: a8c46870815a2418eb7e0aeaf95702e5, type: 2}
      propertyPath: m_LocalRotation.z
      value: 0
      objectReference: {fileID: 0}
    - target: {fileID: 432410, guid: a8c46870815a2418eb7e0aeaf95702e5, type: 2}
      propertyPath: m_LocalRotation.w
      value: 1
      objectReference: {fileID: 0}
    - target: {fileID: 432410, guid: a8c46870815a2418eb7e0aeaf95702e5, type: 2}
      propertyPath: m_RootOrder
      value: 0
      objectReference: {fileID: 0}
    - target: {fileID: 197524, guid: a8c46870815a2418eb7e0aeaf95702e5, type: 2}
      propertyPath: m_Name
      value: Compound n
      objectReference: {fileID: 0}
    - target: {fileID: 11414402, guid: a8c46870815a2418eb7e0aeaf95702e5, type: 2}
      propertyPath: isNether
      value: 1
      objectReference: {fileID: 0}
    m_RemovedComponents: []
  m_ParentPrefab: {fileID: 100100000, guid: a8c46870815a2418eb7e0aeaf95702e5, type: 2}
  m_IsPrefabParent: 0
--- !u!4 &1285707264 stripped
Transform:
  m_PrefabParentObject: {fileID: 432410, guid: a8c46870815a2418eb7e0aeaf95702e5, type: 2}
  m_PrefabInternal: {fileID: 1285707263}
--- !u!1001 &1360350044
Prefab:
  m_ObjectHideFlags: 0
  serializedVersion: 2
  m_Modification:
    m_TransformParent: {fileID: 614293742}
    m_Modifications:
    - target: {fileID: 432410, guid: a8c46870815a2418eb7e0aeaf95702e5, type: 2}
      propertyPath: m_LocalPosition.x
      value: -443
      objectReference: {fileID: 0}
    - target: {fileID: 432410, guid: a8c46870815a2418eb7e0aeaf95702e5, type: 2}
      propertyPath: m_LocalPosition.y
      value: 18
      objectReference: {fileID: 0}
    - target: {fileID: 432410, guid: a8c46870815a2418eb7e0aeaf95702e5, type: 2}
      propertyPath: m_LocalPosition.z
      value: -796
      objectReference: {fileID: 0}
    - target: {fileID: 432410, guid: a8c46870815a2418eb7e0aeaf95702e5, type: 2}
      propertyPath: m_LocalRotation.x
      value: 0
      objectReference: {fileID: 0}
    - target: {fileID: 432410, guid: a8c46870815a2418eb7e0aeaf95702e5, type: 2}
      propertyPath: m_LocalRotation.y
      value: 0
      objectReference: {fileID: 0}
    - target: {fileID: 432410, guid: a8c46870815a2418eb7e0aeaf95702e5, type: 2}
      propertyPath: m_LocalRotation.z
      value: 0
      objectReference: {fileID: 0}
    - target: {fileID: 432410, guid: a8c46870815a2418eb7e0aeaf95702e5, type: 2}
      propertyPath: m_LocalRotation.w
      value: 1
      objectReference: {fileID: 0}
    - target: {fileID: 432410, guid: a8c46870815a2418eb7e0aeaf95702e5, type: 2}
      propertyPath: m_RootOrder
      value: 3
      objectReference: {fileID: 0}
    - target: {fileID: 197524, guid: a8c46870815a2418eb7e0aeaf95702e5, type: 2}
      propertyPath: m_Name
      value: Stronghold A o
      objectReference: {fileID: 0}
    m_RemovedComponents: []
  m_ParentPrefab: {fileID: 100100000, guid: a8c46870815a2418eb7e0aeaf95702e5, type: 2}
  m_IsPrefabParent: 0
--- !u!4 &1360350045 stripped
Transform:
  m_PrefabParentObject: {fileID: 432410, guid: a8c46870815a2418eb7e0aeaf95702e5, type: 2}
  m_PrefabInternal: {fileID: 1360350044}
--- !u!1001 &1407998373
Prefab:
  m_ObjectHideFlags: 0
  serializedVersion: 2
  m_Modification:
    m_TransformParent: {fileID: 87084910}
    m_Modifications:
    - target: {fileID: 432410, guid: a8c46870815a2418eb7e0aeaf95702e5, type: 2}
      propertyPath: m_LocalPosition.x
      value: -55
      objectReference: {fileID: 0}
    - target: {fileID: 432410, guid: a8c46870815a2418eb7e0aeaf95702e5, type: 2}
      propertyPath: m_LocalPosition.y
      value: 63
      objectReference: {fileID: 0}
    - target: {fileID: 432410, guid: a8c46870815a2418eb7e0aeaf95702e5, type: 2}
      propertyPath: m_LocalPosition.z
      value: -98
      objectReference: {fileID: 0}
    - target: {fileID: 432410, guid: a8c46870815a2418eb7e0aeaf95702e5, type: 2}
      propertyPath: m_LocalRotation.x
      value: 0
      objectReference: {fileID: 0}
    - target: {fileID: 432410, guid: a8c46870815a2418eb7e0aeaf95702e5, type: 2}
      propertyPath: m_LocalRotation.y
      value: 0
      objectReference: {fileID: 0}
    - target: {fileID: 432410, guid: a8c46870815a2418eb7e0aeaf95702e5, type: 2}
      propertyPath: m_LocalRotation.z
      value: 0
      objectReference: {fileID: 0}
    - target: {fileID: 432410, guid: a8c46870815a2418eb7e0aeaf95702e5, type: 2}
      propertyPath: m_LocalRotation.w
      value: 1
      objectReference: {fileID: 0}
    - target: {fileID: 432410, guid: a8c46870815a2418eb7e0aeaf95702e5, type: 2}
      propertyPath: m_RootOrder
      value: 3
      objectReference: {fileID: 0}
    - target: {fileID: 197524, guid: a8c46870815a2418eb7e0aeaf95702e5, type: 2}
      propertyPath: m_Name
      value: Stronghold A n
      objectReference: {fileID: 0}
    - target: {fileID: 11414402, guid: a8c46870815a2418eb7e0aeaf95702e5, type: 2}
      propertyPath: isNether
      value: 1
      objectReference: {fileID: 0}
    m_RemovedComponents: []
  m_ParentPrefab: {fileID: 100100000, guid: a8c46870815a2418eb7e0aeaf95702e5, type: 2}
  m_IsPrefabParent: 0
--- !u!4 &1407998374 stripped
Transform:
  m_PrefabParentObject: {fileID: 432410, guid: a8c46870815a2418eb7e0aeaf95702e5, type: 2}
  m_PrefabInternal: {fileID: 1407998373}
--- !u!1001 &1533553329
Prefab:
  m_ObjectHideFlags: 0
  serializedVersion: 2
  m_Modification:
    m_TransformParent: {fileID: 87084910}
    m_Modifications:
    - target: {fileID: 11414402, guid: a8c46870815a2418eb7e0aeaf95702e5, type: 2}
      propertyPath: toCheck.Array.size
      value: 2
      objectReference: {fileID: 0}
    - target: {fileID: 432410, guid: a8c46870815a2418eb7e0aeaf95702e5, type: 2}
      propertyPath: m_LocalPosition.x
      value: 56
      objectReference: {fileID: 0}
    - target: {fileID: 432410, guid: a8c46870815a2418eb7e0aeaf95702e5, type: 2}
      propertyPath: m_LocalPosition.y
      value: 63
      objectReference: {fileID: 0}
    - target: {fileID: 432410, guid: a8c46870815a2418eb7e0aeaf95702e5, type: 2}
      propertyPath: m_LocalPosition.z
      value: -107
      objectReference: {fileID: 0}
    - target: {fileID: 432410, guid: a8c46870815a2418eb7e0aeaf95702e5, type: 2}
      propertyPath: m_LocalRotation.x
      value: 0
      objectReference: {fileID: 0}
    - target: {fileID: 432410, guid: a8c46870815a2418eb7e0aeaf95702e5, type: 2}
      propertyPath: m_LocalRotation.y
      value: 0
      objectReference: {fileID: 0}
    - target: {fileID: 432410, guid: a8c46870815a2418eb7e0aeaf95702e5, type: 2}
      propertyPath: m_LocalRotation.z
      value: 0
      objectReference: {fileID: 0}
    - target: {fileID: 432410, guid: a8c46870815a2418eb7e0aeaf95702e5, type: 2}
      propertyPath: m_LocalRotation.w
      value: 1
      objectReference: {fileID: 0}
    - target: {fileID: 432410, guid: a8c46870815a2418eb7e0aeaf95702e5, type: 2}
      propertyPath: m_RootOrder
      value: 6
      objectReference: {fileID: 0}
    - target: {fileID: 197524, guid: a8c46870815a2418eb7e0aeaf95702e5, type: 2}
      propertyPath: m_Name
      value: Neko no Kuni n
      objectReference: {fileID: 0}
    - target: {fileID: 197524, guid: a8c46870815a2418eb7e0aeaf95702e5, type: 2}
      propertyPath: m_IsActive
      value: 1
      objectReference: {fileID: 0}
    - target: {fileID: 11414402, guid: a8c46870815a2418eb7e0aeaf95702e5, type: 2}
      propertyPath: isPlanned
      value: 1
      objectReference: {fileID: 0}
    - target: {fileID: 11414402, guid: a8c46870815a2418eb7e0aeaf95702e5, type: 2}
      propertyPath: isNether
      value: 1
      objectReference: {fileID: 0}
    - target: {fileID: 11414402, guid: a8c46870815a2418eb7e0aeaf95702e5, type: 2}
      propertyPath: toCheck.Array.data[0]
      value: 
      objectReference: {fileID: 801263759}
    - target: {fileID: 11414402, guid: a8c46870815a2418eb7e0aeaf95702e5, type: 2}
      propertyPath: toCheck.Array.data[1]
      value: 
      objectReference: {fileID: 256309992}
    - target: {fileID: 11414402, guid: a8c46870815a2418eb7e0aeaf95702e5, type: 2}
      propertyPath: doCheck
      value: 1
      objectReference: {fileID: 0}
    - target: {fileID: 11414402, guid: a8c46870815a2418eb7e0aeaf95702e5, type: 2}
      propertyPath: nearest
      value: 
      objectReference: {fileID: 2045457058}
    m_RemovedComponents: []
  m_ParentPrefab: {fileID: 100100000, guid: a8c46870815a2418eb7e0aeaf95702e5, type: 2}
  m_IsPrefabParent: 0
--- !u!4 &1533553330 stripped
Transform:
  m_PrefabParentObject: {fileID: 432410, guid: a8c46870815a2418eb7e0aeaf95702e5, type: 2}
  m_PrefabInternal: {fileID: 1533553329}
--- !u!114 &1533553331 stripped
MonoBehaviour:
  m_PrefabParentObject: {fileID: 11414402, guid: a8c46870815a2418eb7e0aeaf95702e5,
    type: 2}
  m_PrefabInternal: {fileID: 1533553329}
  m_Script: {fileID: 11500000, guid: 7ea9beeed96624e728e8621aaa840552, type: 3}
--- !u!1001 &1652054920
Prefab:
  m_ObjectHideFlags: 0
  serializedVersion: 2
  m_Modification:
    m_TransformParent: {fileID: 87084910}
    m_Modifications:
    - target: {fileID: 432410, guid: a8c46870815a2418eb7e0aeaf95702e5, type: 2}
      propertyPath: m_LocalPosition.x
      value: 5
      objectReference: {fileID: 0}
    - target: {fileID: 432410, guid: a8c46870815a2418eb7e0aeaf95702e5, type: 2}
      propertyPath: m_LocalPosition.y
      value: 63
      objectReference: {fileID: 0}
    - target: {fileID: 432410, guid: a8c46870815a2418eb7e0aeaf95702e5, type: 2}
      propertyPath: m_LocalPosition.z
      value: -38
      objectReference: {fileID: 0}
    - target: {fileID: 432410, guid: a8c46870815a2418eb7e0aeaf95702e5, type: 2}
      propertyPath: m_LocalRotation.x
      value: 0
      objectReference: {fileID: 0}
    - target: {fileID: 432410, guid: a8c46870815a2418eb7e0aeaf95702e5, type: 2}
      propertyPath: m_LocalRotation.y
      value: 0
      objectReference: {fileID: 0}
    - target: {fileID: 432410, guid: a8c46870815a2418eb7e0aeaf95702e5, type: 2}
      propertyPath: m_LocalRotation.z
      value: 0
      objectReference: {fileID: 0}
    - target: {fileID: 432410, guid: a8c46870815a2418eb7e0aeaf95702e5, type: 2}
      propertyPath: m_LocalRotation.w
      value: 1
      objectReference: {fileID: 0}
    - target: {fileID: 432410, guid: a8c46870815a2418eb7e0aeaf95702e5, type: 2}
      propertyPath: m_RootOrder
      value: 1
      objectReference: {fileID: 0}
    - target: {fileID: 197524, guid: a8c46870815a2418eb7e0aeaf95702e5, type: 2}
      propertyPath: m_Name
      value: Sheep house n
      objectReference: {fileID: 0}
    - target: {fileID: 11414402, guid: a8c46870815a2418eb7e0aeaf95702e5, type: 2}
      propertyPath: isNether
      value: 1
      objectReference: {fileID: 0}
    m_RemovedComponents: []
  m_ParentPrefab: {fileID: 100100000, guid: a8c46870815a2418eb7e0aeaf95702e5, type: 2}
  m_IsPrefabParent: 0
--- !u!4 &1652054921 stripped
Transform:
  m_PrefabParentObject: {fileID: 432410, guid: a8c46870815a2418eb7e0aeaf95702e5, type: 2}
  m_PrefabInternal: {fileID: 1652054920}
--- !u!1 &2008236469
GameObject:
  m_ObjectHideFlags: 0
  m_PrefabParentObject: {fileID: 0}
  m_PrefabInternal: {fileID: 0}
  serializedVersion: 4
  m_Component:
  - 4: {fileID: 2008236471}
  - 108: {fileID: 2008236470}
  m_Layer: 0
  m_Name: Directional Light
  m_TagString: Untagged
  m_Icon: {fileID: 0}
  m_NavMeshLayer: 0
  m_StaticEditorFlags: 0
  m_IsActive: 1
--- !u!108 &2008236470
Light:
  m_ObjectHideFlags: 0
  m_PrefabParentObject: {fileID: 0}
  m_PrefabInternal: {fileID: 0}
  m_GameObject: {fileID: 2008236469}
  m_Enabled: 1
  serializedVersion: 6
  m_Type: 1
  m_Color: {r: 1, g: 0.95686275, b: 0.8392157, a: 1}
  m_Intensity: 1
  m_Range: 10
  m_SpotAngle: 30
  m_CookieSize: 10
  m_Shadows:
    m_Type: 2
    m_Resolution: -1
    m_Strength: 1
    m_Bias: 0.05
    m_NormalBias: 0.4
    m_NearPlane: 0.2
  m_Cookie: {fileID: 0}
  m_DrawHalo: 0
  m_Flare: {fileID: 0}
  m_RenderMode: 0
  m_CullingMask:
    serializedVersion: 2
    m_Bits: 4294967295
  m_Lightmapping: 4
  m_BounceIntensity: 1
  m_ShadowRadius: 0
  m_ShadowAngle: 0
  m_AreaSize: {x: 1, y: 1}
--- !u!4 &2008236471
Transform:
  m_ObjectHideFlags: 0
  m_PrefabParentObject: {fileID: 0}
  m_PrefabInternal: {fileID: 0}
  m_GameObject: {fileID: 2008236469}
  m_LocalRotation: {x: 0.40821794, y: -0.23456973, z: 0.109381676, w: 0.87542605}
  m_LocalPosition: {x: 0, y: 3, z: 0}
  m_LocalScale: {x: 1, y: 1, z: 1}
  m_Children: []
  m_Father: {fileID: 0}
  m_RootOrder: 1
--- !u!1 &2020340707
GameObject:
  m_ObjectHideFlags: 0
  m_PrefabParentObject: {fileID: 0}
  m_PrefabInternal: {fileID: 0}
  serializedVersion: 4
  m_Component:
  - 4: {fileID: 2020340712}
  - 20: {fileID: 2020340711}
  - 92: {fileID: 2020340710}
  - 124: {fileID: 2020340709}
  - 81: {fileID: 2020340708}
  m_Layer: 0
  m_Name: Main Camera
  m_TagString: MainCamera
  m_Icon: {fileID: 0}
  m_NavMeshLayer: 0
  m_StaticEditorFlags: 0
  m_IsActive: 1
--- !u!81 &2020340708
AudioListener:
  m_ObjectHideFlags: 0
  m_PrefabParentObject: {fileID: 0}
  m_PrefabInternal: {fileID: 0}
  m_GameObject: {fileID: 2020340707}
  m_Enabled: 1
--- !u!124 &2020340709
Behaviour:
  m_ObjectHideFlags: 0
  m_PrefabParentObject: {fileID: 0}
  m_PrefabInternal: {fileID: 0}
  m_GameObject: {fileID: 2020340707}
  m_Enabled: 1
--- !u!92 &2020340710
Behaviour:
  m_ObjectHideFlags: 0
  m_PrefabParentObject: {fileID: 0}
  m_PrefabInternal: {fileID: 0}
  m_GameObject: {fileID: 2020340707}
  m_Enabled: 1
--- !u!20 &2020340711
Camera:
  m_ObjectHideFlags: 0
  m_PrefabParentObject: {fileID: 0}
  m_PrefabInternal: {fileID: 0}
  m_GameObject: {fileID: 2020340707}
  m_Enabled: 1
  serializedVersion: 2
  m_ClearFlags: 1
  m_BackGroundColor: {r: 0, g: 0, b: 0, a: 0.019607844}
  m_NormalizedViewPortRect:
    serializedVersion: 2
    x: 0
    y: 0
    width: 1
    height: 1
  near clip plane: 0.3
  far clip plane: 1000
  field of view: 60
  orthographic: 1
  orthographic size: 5
  m_Depth: -1
  m_CullingMask:
    serializedVersion: 2
    m_Bits: 4294967295
  m_RenderingPath: -1
  m_TargetTexture: {fileID: 0}
  m_TargetDisplay: 0
  m_TargetEye: 3
  m_HDR: 0
  m_OcclusionCulling: 1
  m_StereoConvergence: 10
  m_StereoSeparation: 0.022
  m_StereoMirrorMode: 0
--- !u!4 &2020340712
Transform:
  m_ObjectHideFlags: 0
  m_PrefabParentObject: {fileID: 0}
  m_PrefabInternal: {fileID: 0}
  m_GameObject: {fileID: 2020340707}
  m_LocalRotation: {x: 0, y: 0, z: 0, w: 1}
  m_LocalPosition: {x: 0, y: 1, z: -10}
  m_LocalScale: {x: 1, y: 1, z: 1}
  m_Children: []
  m_Father: {fileID: 0}
  m_RootOrder: 0
--- !u!1001 &2045457056
Prefab:
  m_ObjectHideFlags: 0
  serializedVersion: 2
  m_Modification:
    m_TransformParent: {fileID: 614293742}
    m_Modifications:
    - target: {fileID: 11414402, guid: a8c46870815a2418eb7e0aeaf95702e5, type: 2}
      propertyPath: toCheck.Array.size
      value: 2
      objectReference: {fileID: 0}
    - target: {fileID: 432410, guid: a8c46870815a2418eb7e0aeaf95702e5, type: 2}
      propertyPath: m_LocalPosition.x
      value: 449
      objectReference: {fileID: 0}
    - target: {fileID: 432410, guid: a8c46870815a2418eb7e0aeaf95702e5, type: 2}
      propertyPath: m_LocalPosition.y
      value: 66
      objectReference: {fileID: 0}
    - target: {fileID: 432410, guid: a8c46870815a2418eb7e0aeaf95702e5, type: 2}
      propertyPath: m_LocalPosition.z
      value: -856
      objectReference: {fileID: 0}
    - target: {fileID: 432410, guid: a8c46870815a2418eb7e0aeaf95702e5, type: 2}
      propertyPath: m_LocalRotation.x
      value: 0
      objectReference: {fileID: 0}
    - target: {fileID: 432410, guid: a8c46870815a2418eb7e0aeaf95702e5, type: 2}
      propertyPath: m_LocalRotation.y
      value: 0
      objectReference: {fileID: 0}
    - target: {fileID: 432410, guid: a8c46870815a2418eb7e0aeaf95702e5, type: 2}
      propertyPath: m_LocalRotation.z
      value: 0
      objectReference: {fileID: 0}
    - target: {fileID: 432410, guid: a8c46870815a2418eb7e0aeaf95702e5, type: 2}
      propertyPath: m_LocalRotation.w
      value: 1
      objectReference: {fileID: 0}
    - target: {fileID: 432410, guid: a8c46870815a2418eb7e0aeaf95702e5, type: 2}
      propertyPath: m_RootOrder
      value: 6
      objectReference: {fileID: 0}
    - target: {fileID: 197524, guid: a8c46870815a2418eb7e0aeaf95702e5, type: 2}
      propertyPath: m_Name
      value: Neko no Kuni o
      objectReference: {fileID: 0}
    - target: {fileID: 197524, guid: a8c46870815a2418eb7e0aeaf95702e5, type: 2}
      propertyPath: m_IsActive
      value: 1
      objectReference: {fileID: 0}
    - target: {fileID: 11414402, guid: a8c46870815a2418eb7e0aeaf95702e5, type: 2}
      propertyPath: isPlanned
      value: 1
      objectReference: {fileID: 0}
    - target: {fileID: 11414402, guid: a8c46870815a2418eb7e0aeaf95702e5, type: 2}
      propertyPath: toCheck.Array.data[0]
      value: 
      objectReference: {fileID: 54471308}
    - target: {fileID: 11414402, guid: a8c46870815a2418eb7e0aeaf95702e5, type: 2}
      propertyPath: toCheck.Array.data[1]
      value: 
      objectReference: {fileID: 449222240}
    - target: {fileID: 11414402, guid: a8c46870815a2418eb7e0aeaf95702e5, type: 2}
      propertyPath: doCheck
      value: 1
      objectReference: {fileID: 0}
    - target: {fileID: 11414402, guid: a8c46870815a2418eb7e0aeaf95702e5, type: 2}
      propertyPath: nearest
      value: 
      objectReference: {fileID: 1533553331}
    m_RemovedComponents: []
  m_ParentPrefab: {fileID: 100100000, guid: a8c46870815a2418eb7e0aeaf95702e5, type: 2}
  m_IsPrefabParent: 0
--- !u!4 &2045457057 stripped
Transform:
  m_PrefabParentObject: {fileID: 432410, guid: a8c46870815a2418eb7e0aeaf95702e5, type: 2}
  m_PrefabInternal: {fileID: 2045457056}
--- !u!114 &2045457058 stripped
MonoBehaviour:
  m_PrefabParentObject: {fileID: 11414402, guid: a8c46870815a2418eb7e0aeaf95702e5,
    type: 2}
  m_PrefabInternal: {fileID: 2045457056}
  m_Script: {fileID: 11500000, guid: 7ea9beeed96624e728e8621aaa840552, type: 3}
--- !u!1001 &2108820671
Prefab:
  m_ObjectHideFlags: 0
  serializedVersion: 2
  m_Modification:
    m_TransformParent: {fileID: 614293742}
    m_Modifications:
    - target: {fileID: 432410, guid: a8c46870815a2418eb7e0aeaf95702e5, type: 2}
      propertyPath: m_LocalPosition.x
      value: -273
      objectReference: {fileID: 0}
    - target: {fileID: 432410, guid: a8c46870815a2418eb7e0aeaf95702e5, type: 2}
      propertyPath: m_LocalPosition.y
      value: 0
      objectReference: {fileID: 0}
    - target: {fileID: 432410, guid: a8c46870815a2418eb7e0aeaf95702e5, type: 2}
      propertyPath: m_LocalPosition.z
      value: -3252
      objectReference: {fileID: 0}
    - target: {fileID: 432410, guid: a8c46870815a2418eb7e0aeaf95702e5, type: 2}
      propertyPath: m_LocalRotation.x
      value: 0
      objectReference: {fileID: 0}
    - target: {fileID: 432410, guid: a8c46870815a2418eb7e0aeaf95702e5, type: 2}
      propertyPath: m_LocalRotation.y
      value: 0
      objectReference: {fileID: 0}
    - target: {fileID: 432410, guid: a8c46870815a2418eb7e0aeaf95702e5, type: 2}
      propertyPath: m_LocalRotation.z
      value: 0
      objectReference: {fileID: 0}
    - target: {fileID: 432410, guid: a8c46870815a2418eb7e0aeaf95702e5, type: 2}
      propertyPath: m_LocalRotation.w
      value: 1
      objectReference: {fileID: 0}
    - target: {fileID: 432410, guid: a8c46870815a2418eb7e0aeaf95702e5, type: 2}
      propertyPath: m_RootOrder
      value: 7
      objectReference: {fileID: 0}
    - target: {fileID: 197524, guid: a8c46870815a2418eb7e0aeaf95702e5, type: 2}
      propertyPath: m_Name
      value: Nuovo continente o
      objectReference: {fileID: 0}
    m_RemovedComponents: []
  m_ParentPrefab: {fileID: 100100000, guid: a8c46870815a2418eb7e0aeaf95702e5, type: 2}
  m_IsPrefabParent: 0
--- !u!4 &2108820672 stripped
Transform:
  m_PrefabParentObject: {fileID: 432410, guid: a8c46870815a2418eb7e0aeaf95702e5, type: 2}
  m_PrefabInternal: {fileID: 2108820671}
